<record><leader>00000cas a22000007a 4500</leader><controlfield tag="001">38121219</controlfield><controlfield tag="008">971220d191u19uutnuwr ne      0    0eng d</controlfield><datafield ind1=" " ind2=" " tag="010"><subfield code="a">sn 97065558 </subfield></datafield><datafield ind1=" " ind2=" " tag="040"><subfield code="a">TGN</subfield><subfield code="b">eng</subfield><subfield code="c">TGN</subfield><subfield code="d">OCLCQ</subfield><subfield code="d">OCLCF</subfield><subfield code="d">OCLCO</subfield></datafield><datafield ind1="1" ind2=" " tag="029"><subfield code="a">AU@</subfield><subfield code="b">000013651797</subfield></datafield><datafield ind1=" " ind2=" " tag="042"><subfield code="a">msc</subfield></datafield><datafield ind1=" " ind2=" " tag="043"><subfield code="a">n-us-tn</subfield></datafield><datafield ind1="0" ind2="4" tag="245"><subfield code="a">The Sneedville news.</subfield></datafield><datafield ind1=" " ind2=" " tag="260"><subfield code="a">Sneedville, Tenn. :</subfield><subfield code="b">Walter C. Pollard</subfield></datafield><datafield ind1=" " ind2=" " tag="300"><subfield code="a">v.</subfield></datafield><datafield ind1=" " ind2=" " tag="310"><subfield code="a">Weekly</subfield></datafield><datafield ind1=" " ind2=" " tag="500"><subfield code="a">Publishers: Walter C. Pollard, &lt;1913&gt;; Henry Greene, &lt;1916-1919&gt;; Quincy F. Buttry, 1921; Williams &amp; Darnell, &lt;1922&gt;</subfield></datafield><datafield ind1=" " ind2=" " tag="515"><subfield code="a">Numbering restarted with: Vol. 1, no. 1 &lt;Oct. 1916&gt;</subfield></datafield><datafield ind1=" " ind2=" " tag="515"><subfield code="a">Numbering restarted with: Vol. 1, no. 1 (Apr. 1, 1921).</subfield></datafield><datafield ind1=" " ind2=" " tag="515"><subfield code="a">Suspended: &lt;Dec. 30, 1921-Apr. 27, 1922&gt;</subfield></datafield><datafield ind1=" " ind2=" " tag="588"><subfield code="a">Description based on: Vol. 1, no. 45 (July 11, 1913).</subfield></datafield><datafield ind1=" " ind2="0" tag="651"><subfield code="a">Sneedville (Tenn.)</subfield><subfield code="v">Newspapers.</subfield></datafield><datafield ind1=" " ind2="0" tag="651"><subfield code="a">Hancock County (Tenn.)</subfield><subfield code="v">Newspapers.</subfield></datafield><datafield ind1=" " ind2="7" tag="655"><subfield code="a">Newspapers.</subfield><subfield code="2">fast</subfield><subfield code="0">(OCoLC)fst01423814</subfield></datafield><datafield ind1=" " ind2="7" tag="651"><subfield code="a">Tennessee</subfield><subfield code="z">Hancock County.</subfield><subfield code="2">fast</subfield><subfield code="0">(OCoLC)fst01203411</subfield></datafield><datafield ind1=" " ind2="7" tag="651"><subfield code="a">Tennessee</subfield><subfield code="z">Sneedville.</subfield><subfield code="2">fast</subfield><subfield code="0">(OCoLC)fst01307448</subfield></datafield><datafield ind1=" " ind2=" " tag="752"><subfield code="a">United States</subfield><subfield code="b">Tennessee</subfield><subfield code="c">Hancock</subfield><subfield code="d">Sneedville.</subfield></datafield></record>